@misc{wilson,
  author = {J. Wilson, Robin},
  publisher = {Longman Group Ltd},
  title = {Introduction to Graph Theory},
  year = {1996}
}

@misc{harary,
  author = {Frank Harary and Edgar M. Palmer},
  publisher = {Academic Press, Inc.},
  title = {Graphical Enumeration},
  year = {1973}
}

@misc{polya,
  author = {Huisinga, Mollee},
  title = {P\'{o}lya's Counting Theory},
  url = {https://courses.mai.liu.se/GU/TATA55/Dokument/Huisinga.pdf},
  year = {2012}
}

@misc{kuratowski,
  author = {Radcliffe, Mary},
  title = {Math 228: Kuratowski's Theorem},
  url = {https://www.math.cmu.edu/~mradclif/teaching/228F16/Kuratowski.pdf}
}

@misc{superalg,
  author = {Westra, D.B.},
  title = {Structure of Super Hopf Algebras},
  url = {https://www.mat.univie.ac.at/~westra/superhopfalg.pdf},
  urldate = {2023-08-14},
  organization = {www.mat.univie.ac.at}
}

@misc{hatcher,
  author = {Hatcher, Allen},
  title = {Algebraic Topology},
  url = {https://pi.math.cornell.edu/~hatcher/AT/AT+.pdf},
  year = {2001}
}

@misc{quantum_groups,
  author = {Kassel, Christian},
  publisher = {Springer},
  title = {Quantum Groups},
  year = {1995}
}

@misc{murasugi,
  author = {Murasugi, Kunio},
  publisher = {Birk\"{a}user},
  title = {Knot Theory and Its Applications},
  year = {1996}
}

@misc {knotatlas,
Author = {Bar-Natan, Dror and Morrison, Scott and et al.},
title = {The {K}not {A}tlas},
url = {http://katlas.org},
}

@misc {higheralgebra,
Author = {Jacob Lurie},
title = {Higher {A}lgebra},
year = {2017},
url = {https://www.math.ias.edu/~lurie/papers/HA.pdf}
}

@misc{lurie2008higher,
      title={Higher {T}opos {T}heory}, 
      author={Jacob Lurie},
      year={2008},
      eprint={math/0608040},
      archivePrefix={arXiv},
      primaryClass={math.CT}
}

@misc {symmetricmonoidal,
Author = {Julius Frank},
title = {Symmetric monoidal \(\infty\)-categories},
year = {2021},
url = {https://homepages.abdn.ac.uk/markus.upmeier/pages/JuliusMay13.pdf}
}

@inbook {goodfibrations,
Author = {Clark Barwick and Jay Shah},
title = {Fibrations in \(\infty\)-Category {T}heory},
booktitle = {2016 MATRIX Annals},
year = {2018},
publisher = {Springer Cham},
pages = {17--42}
}

@misc{groth2015short,
      title={A Short Course on $\infty$-Categories}, 
      author={Moritz Groth},
      year={2015},
      eprint={1007.2925},
      archivePrefix={arXiv},
      primaryClass={math.AT}
}